[gd_scene load_steps=15 format=2]

[ext_resource path="res://entities/components/bullet/bullet_enemy/bullet_enemy.tscn" type="PackedScene" id=1]
[ext_resource path="res://assets/bullets/enemy_bullets/bzzz_outline.png" type="Texture" id=2]

[sub_resource type="AtlasTexture" id=14]
atlas = ExtResource( 2 )
region = Rect2( 0, 33, 32, 33 )

[sub_resource type="AtlasTexture" id=15]
atlas = ExtResource( 2 )
region = Rect2( 32, 33, 32, 33 )

[sub_resource type="AtlasTexture" id=16]
atlas = ExtResource( 2 )
region = Rect2( 64, 33, 32, 33 )

[sub_resource type="AtlasTexture" id=17]
atlas = ExtResource( 2 )
region = Rect2( 96, 33, 32, 33 )

[sub_resource type="AtlasTexture" id=18]
atlas = ExtResource( 2 )
region = Rect2( 0, 66, 32, 33 )

[sub_resource type="AtlasTexture" id=19]
atlas = ExtResource( 2 )
region = Rect2( 32, 66, 32, 33 )

[sub_resource type="AtlasTexture" id=20]
atlas = ExtResource( 2 )
region = Rect2( 64, 66, 32, 33 )

[sub_resource type="AtlasTexture" id=21]
atlas = ExtResource( 2 )
region = Rect2( 0, 0, 32, 33 )

[sub_resource type="AtlasTexture" id=22]
atlas = ExtResource( 2 )
region = Rect2( 32, 0, 32, 33 )

[sub_resource type="AtlasTexture" id=23]
atlas = ExtResource( 2 )
region = Rect2( 64, 0, 32, 33 )

[sub_resource type="AtlasTexture" id=24]
atlas = ExtResource( 2 )
region = Rect2( 96, 0, 32, 33 )

[sub_resource type="SpriteFrames" id=13]
animations = [ {
"frames": [ SubResource( 14 ), SubResource( 15 ), SubResource( 16 ), SubResource( 17 ), SubResource( 18 ), SubResource( 19 ), SubResource( 20 ) ],
"loop": false,
"name": "hit",
"speed": 10.0
}, {
"frames": [ SubResource( 21 ), SubResource( 22 ), SubResource( 23 ), SubResource( 24 ) ],
"loop": true,
"name": "shoot",
"speed": 5.0
} ]

[node name="bzzz" instance=ExtResource( 1 )]

[node name="AnimatedSprite" parent="." index="1"]
frames = SubResource( 13 )
animation = "hit"
