[gd_scene load_steps=27 format=2]

[ext_resource path="res://assets/enemies/base_cat.png" type="Texture" id=1]

[sub_resource type="AtlasTexture" id=5]
atlas = ExtResource( 1 )
region = Rect2( 64, 48, 32, 48 )

[sub_resource type="AtlasTexture" id=6]
atlas = ExtResource( 1 )
region = Rect2( 96, 48, 32, 48 )

[sub_resource type="AtlasTexture" id=7]
atlas = ExtResource( 1 )
region = Rect2( 128, 48, 32, 48 )

[sub_resource type="AtlasTexture" id=8]
atlas = ExtResource( 1 )
region = Rect2( 0, 96, 32, 48 )

[sub_resource type="AtlasTexture" id=9]
atlas = ExtResource( 1 )
region = Rect2( 32, 96, 32, 48 )

[sub_resource type="AtlasTexture" id=10]
atlas = ExtResource( 1 )
region = Rect2( 64, 96, 32, 48 )

[sub_resource type="AtlasTexture" id=11]
atlas = ExtResource( 1 )
region = Rect2( 96, 96, 32, 48 )

[sub_resource type="AtlasTexture" id=12]
atlas = ExtResource( 1 )
region = Rect2( 128, 96, 32, 48 )

[sub_resource type="AtlasTexture" id=13]
atlas = ExtResource( 1 )
region = Rect2( 160, 96, 32, 48 )

[sub_resource type="AtlasTexture" id=14]
atlas = ExtResource( 1 )
region = Rect2( 0, 144, 32, 48 )

[sub_resource type="AtlasTexture" id=15]
atlas = ExtResource( 1 )
region = Rect2( 32, 144, 32, 48 )

[sub_resource type="AtlasTexture" id=16]
atlas = ExtResource( 1 )
region = Rect2( 64, 144, 32, 48 )

[sub_resource type="AtlasTexture" id=17]
atlas = ExtResource( 1 )
region = Rect2( 96, 144, 32, 48 )

[sub_resource type="AtlasTexture" id=18]
atlas = ExtResource( 1 )
region = Rect2( 128, 144, 32, 48 )

[sub_resource type="AtlasTexture" id=19]
atlas = ExtResource( 1 )
region = Rect2( 160, 144, 32, 48 )

[sub_resource type="AtlasTexture" id=20]
atlas = ExtResource( 1 )
region = Rect2( 0, 192, 32, 48 )

[sub_resource type="AtlasTexture" id=21]
atlas = ExtResource( 1 )
region = Rect2( 32, 192, 32, 48 )

[sub_resource type="AtlasTexture" id=1]
atlas = ExtResource( 1 )
region = Rect2( 0, 0, 32, 48 )

[sub_resource type="AtlasTexture" id=2]
atlas = ExtResource( 1 )
region = Rect2( 32, 0, 32, 48 )

[sub_resource type="AtlasTexture" id=3]
atlas = ExtResource( 1 )
region = Rect2( 96, 0, 32, 48 )

[sub_resource type="AtlasTexture" id=22]
atlas = ExtResource( 1 )
region = Rect2( 128, 0, 32, 48 )

[sub_resource type="AtlasTexture" id=23]
atlas = ExtResource( 1 )
region = Rect2( 160, 0, 32, 48 )

[sub_resource type="AtlasTexture" id=24]
atlas = ExtResource( 1 )
region = Rect2( 0, 48, 32, 48 )

[sub_resource type="AtlasTexture" id=25]
atlas = ExtResource( 1 )
region = Rect2( 32, 48, 32, 48 )

[sub_resource type="SpriteFrames" id=4]
animations = [ {
"frames": [ SubResource( 5 ), SubResource( 6 ), SubResource( 7 ) ],
"loop": true,
"name": "Shoot",
"speed": 5.0
}, {
"frames": [ SubResource( 8 ), SubResource( 9 ), SubResource( 10 ), SubResource( 11 ), SubResource( 12 ), SubResource( 13 ), SubResource( 14 ), SubResource( 15 ), SubResource( 16 ), SubResource( 17 ), SubResource( 18 ), SubResource( 19 ), SubResource( 20 ), SubResource( 21 ) ],
"loop": true,
"name": "death",
"speed": 5.0
}, {
"frames": [ SubResource( 1 ), SubResource( 2 ), SubResource( 3 ) ],
"loop": true,
"name": "idle1",
"speed": 5.0
}, {
"frames": [ SubResource( 22 ), SubResource( 23 ), SubResource( 24 ), SubResource( 25 ) ],
"loop": true,
"name": "idle2",
"speed": 5.0
} ]

[node name="AnimatedSprite" type="AnimatedSprite"]
position = Vector2( 142, 77 )
frames = SubResource( 4 )
animation = "Shoot"
frame = 1
playing = true
