[gd_scene load_steps=14 format=2]

[ext_resource path="res://menus/transition.tscn" type="PackedScene" id=1]
[ext_resource path="res://assets/end_screen/good_end.png" type="Texture" id=2]
[ext_resource path="res://assets/UI/NotJamFaithless9.ttf" type="DynamicFontData" id=3]
[ext_resource path="res://assets/UI/FatPix-SVG.ttf" type="DynamicFontData" id=4]
[ext_resource path="res://menus/theme.tres" type="Theme" id=5]
[ext_resource path="res://menus/you_won/you_won_screen.gd" type="Script" id=6]
[ext_resource path="res://assets/music/you_won/Victory Fanfare.wav" type="AudioStream" id=7]

[sub_resource type="DynamicFont" id=1]
size = 35
font_data = ExtResource( 4 )

[sub_resource type="DynamicFont" id=2]
size = 18
font_data = ExtResource( 3 )

[sub_resource type="DynamicFont" id=3]
size = 18
font_data = ExtResource( 3 )

[sub_resource type="DynamicFont" id=4]
size = 18
font_data = ExtResource( 3 )

[sub_resource type="DynamicFont" id=5]
size = 18
font_data = ExtResource( 3 )

[sub_resource type="DynamicFont" id=6]
size = 18
font_data = ExtResource( 3 )

[node name="YouWon" type="Control"]
anchor_right = 1.0
anchor_bottom = 1.0
theme = ExtResource( 5 )
script = ExtResource( 6 )

[node name="Background" type="TextureRect" parent="."]
anchor_right = 1.0
anchor_bottom = 1.0
texture = ExtResource( 2 )
expand = true
stretch_mode = 1

[node name="VBoxContainer" type="VBoxContainer" parent="."]
anchor_bottom = 1.0
margin_left = 13.0
margin_right = 259.0
alignment = 1

[node name="SleepInvaders" type="Label" parent="VBoxContainer"]
modulate = Color( 1, 0.709804, 0.709804, 1 )
margin_top = 14.0
margin_right = 259.0
margin_bottom = 50.0
custom_fonts/font = SubResource( 1 )
text = "Sleep Invaders"

[node name="Developers" type="Label" parent="VBoxContainer"]
modulate = Color( 1, 0.419608, 0.592157, 1 )
margin_top = 54.0
margin_right = 259.0
margin_bottom = 73.0
custom_fonts/font = SubResource( 2 )
text = "Developers:"

[node name="HBoxContainer" type="HBoxContainer" parent="VBoxContainer"]
margin_top = 77.0
margin_right = 259.0
margin_bottom = 140.0

[node name="ColumnOne" type="Label" parent="VBoxContainer/HBoxContainer"]
margin_right = 124.0
margin_bottom = 63.0
custom_fonts/font = SubResource( 3 )
text = "- Enqfila
- Fluoretos
- Enzoen "

[node name="ColumnTwo" type="Label" parent="VBoxContainer/HBoxContainer"]
margin_left = 128.0
margin_right = 244.0
margin_bottom = 63.0
custom_fonts/font = SubResource( 4 )
text = "- Andre l.
- Aloisio
- Corsinha"

[node name="BlankSpace" type="Control" parent="VBoxContainer"]
margin_top = 144.0
margin_right = 259.0
margin_bottom = 144.0

[node name="Fonts" type="Label" parent="VBoxContainer"]
modulate = Color( 1, 0.419608, 0.592157, 1 )
margin_top = 148.0
margin_right = 259.0
margin_bottom = 167.0
custom_fonts/font = SubResource( 5 )
text = "Fonts:"

[node name="FontCredits" type="Label" parent="VBoxContainer"]
margin_top = 171.0
margin_right = 259.0
margin_bottom = 256.0
custom_fonts/font = SubResource( 6 )
text = "- Not Jam Faithless 9
by Not Jam 
- FatPix
by NgnDang"

[node name="Transition" parent="." instance=ExtResource( 1 )]

[node name="AudioStreamPlayer" type="AudioStreamPlayer" parent="."]
stream = ExtResource( 7 )
volume_db = -20.0
autoplay = true
