[gd_scene load_steps=21 format=2]

[ext_resource path="res://entities/components/weapon/weapon.tscn" type="PackedScene" id=1]
[ext_resource path="res://assets/weapons/rainbow/rainbow_ball.png" type="Texture" id=2]

[sub_resource type="AtlasTexture" id=20]
atlas = ExtResource( 2 )
region = Rect2( 0, 32, 32, 32 )

[sub_resource type="AtlasTexture" id=21]
atlas = ExtResource( 2 )
region = Rect2( 32, 32, 32, 32 )

[sub_resource type="AtlasTexture" id=22]
atlas = ExtResource( 2 )
region = Rect2( 64, 32, 32, 32 )

[sub_resource type="AtlasTexture" id=23]
atlas = ExtResource( 2 )
region = Rect2( 96, 32, 32, 32 )

[sub_resource type="AtlasTexture" id=24]
atlas = ExtResource( 2 )
region = Rect2( 0, 64, 32, 32 )

[sub_resource type="AtlasTexture" id=25]
atlas = ExtResource( 2 )
region = Rect2( 32, 64, 32, 32 )

[sub_resource type="AtlasTexture" id=26]
atlas = ExtResource( 2 )
region = Rect2( 64, 64, 32, 32 )

[sub_resource type="AtlasTexture" id=27]
atlas = ExtResource( 2 )
region = Rect2( 96, 64, 32, 32 )

[sub_resource type="AtlasTexture" id=28]
atlas = ExtResource( 2 )
region = Rect2( 0, 96, 32, 32 )

[sub_resource type="AtlasTexture" id=29]
atlas = ExtResource( 2 )
region = Rect2( 32, 96, 32, 32 )

[sub_resource type="AtlasTexture" id=30]
atlas = ExtResource( 2 )
region = Rect2( 0, 0, 32, 32 )

[sub_resource type="AtlasTexture" id=31]
atlas = ExtResource( 2 )
region = Rect2( 32, 0, 32, 32 )

[sub_resource type="AtlasTexture" id=32]
atlas = ExtResource( 2 )
region = Rect2( 0, 0, 32, 32 )

[sub_resource type="AtlasTexture" id=33]
atlas = ExtResource( 2 )
region = Rect2( 32, 0, 32, 32 )

[sub_resource type="AtlasTexture" id=34]
atlas = ExtResource( 2 )
region = Rect2( 64, 0, 32, 32 )

[sub_resource type="AtlasTexture" id=35]
atlas = ExtResource( 2 )
region = Rect2( 96, 0, 32, 32 )

[sub_resource type="AtlasTexture" id=36]
atlas = ExtResource( 2 )
region = Rect2( 32, 0, 32, 32 )

[sub_resource type="SpriteFrames" id=19]
animations = [ {
"frames": [ SubResource( 20 ), SubResource( 21 ), SubResource( 22 ), SubResource( 23 ), SubResource( 24 ), SubResource( 25 ), SubResource( 26 ), SubResource( 27 ), SubResource( 28 ), SubResource( 29 ) ],
"loop": false,
"name": "death",
"speed": 2.0
}, {
"frames": [ SubResource( 30 ), SubResource( 31 ) ],
"loop": true,
"name": "idle",
"speed": 5.0
}, {
"frames": [ SubResource( 32 ), SubResource( 33 ) ],
"loop": true,
"name": "move",
"speed": 5.0
}, {
"frames": [ SubResource( 34 ), SubResource( 35 ), SubResource( 36 ) ],
"loop": false,
"name": "shoot",
"speed": 5.0
} ]

[node name="Weapon_Rainbow" instance=ExtResource( 1 )]
delay = 24.0

[node name="AnimatedSprite" parent="." index="1"]
frames = SubResource( 19 )

[node name="BulletSpawnPoint" parent="." index="2"]
position = Vector2( 10.5, -23 )
